<?xml version="1.0" encoding="UTF-8"?>
<record xmlns="http://www.loc.gov/MARC21/slim" xmlns:xsi="http://www.w3.org/2001/XMLSchema-instance" xsi:schemaLocation="http://www.loc.gov/MARC21/slim http://www.loc.gov/standards/marcxml/schema/MARC21slim.xsd">
<leader>00000nam a2200253 a 4500</leader>
<controlfield tag="001">002049857</controlfield>
<controlfield tag="003">NNU</controlfield>
<controlfield tag="005">20141118160834.0</controlfield>
<controlfield tag="008">930104s1889    su      a     000 0 ara d</controlfield>
<datafield tag="035" ind1="9" ind2=" ">
<subfield code="a">NYUb11002757</subfield>
</datafield>
<datafield tag="035" ind1=" " ind2=" ">
<subfield code="a">(CStRLIN)NYUG93-B127</subfield>
</datafield>
<datafield tag="035" ind1=" " ind2=" ">
<subfield code="a">GLIS010027572</subfield>
</datafield>
<datafield tag="040" ind1=" " ind2=" ">
<subfield code="a">NjP</subfield>
<subfield code="c">NjP</subfield>
<subfield code="b">eng</subfield>
<subfield code="d">NNU</subfield>
</datafield>
<datafield tag="050" ind1=" " ind2="4">
<subfield code="a">PJ7755.I192</subfield>
<subfield code="b">A17 1889</subfield>
</datafield>
<datafield tag="100" ind1="1" ind2=" ">
<subfield code="6">880-01</subfield>
<subfield code="a">Ibn Muqarrab, ʻAlī,</subfield>
<subfield code="d">1176 or 1177-1231 or 1232.</subfield>
</datafield>
<datafield tag="240" ind1="1" ind2="0">
<subfield code="6">880-02</subfield>
<subfield code="a">Dīwān al-shāʻir al-labīb al-fāḍil al-bāriʻ al-adīb Abū ʻAbd Allāh Muḥammad ibn ʻAlī ibn al-Muqarrab ibn al-Manṣūr ibn Muqarrab ibn ʻAlī ibn ʻAbd Allāh ibn Muḥammad ibn Ibrāhīm ibn Muḥammad al-Qalyūnī al-Iḥsāʼī</subfield>
</datafield>
<datafield tag="245" ind1="1" ind2="0">
<subfield code="6">880-03</subfield>
<subfield code="a">Hadhā Dīwān al-shāʻir al-labīb al-fāḍil al-bāriʻ al-adīb Abū ʻAbd Allāh Muḥammad ibn ʻAlī ibn al-Muqarrab ibn al-Manṣūr ibn Muqarrab ibn ʻAlī ibn ʻAbd Allāh ibn Muḥammad ibn Ibrāhīm ibn Muḥammad al-Qalyūnī al-Iḥsāʼī.</subfield>
</datafield>
<datafield tag="260" ind1=" " ind2=" ">
<subfield code="6">880-04</subfield>
<subfield code="a">[Makah] :</subfield>
<subfield code="b">[publisher not identified],</subfield>
<subfield code="c">[1307 [1889]]</subfield>
</datafield>
<datafield tag="300" ind1=" " ind2=" ">
<subfield code="a">120 p. ;</subfield>
<subfield code="c">29 cm.</subfield>
</datafield>
<datafield tag="880" ind1="1" ind2=" ">
<subfield code="6">100-01/</subfield>
<subfield code="a">ابن مقرب، علي،</subfield>
<subfield code="d">1176 or 1177-1231 or 1232.</subfield>
</datafield>
<datafield tag="880" ind1="1" ind2="0">
<subfield code="6">240-02/</subfield>
<subfield code="a">ديوان الشاعر اللبيب الفاضل البارع الاديب ابو عبد الله محمد بن علي بن المقرب بن المنصور بن مقرب بن علي بن عبد الله بن محمد بن ابراهيم بن محمد القليوني الاحسائي</subfield>
</datafield>
<datafield tag="880" ind1="1" ind2="0">
<subfield code="6">245-03/</subfield>
<subfield code="a">هذا ديوان الشاعر اللبيب الفاضل البارع الاديب ابو عبد الله محمد بن علي بن المقرب بن المنصور بن مقرب بن علي بن عبد الله بن محمد بن ابراهيم بن محمد القليوني الاحسائي.</subfield>
</datafield>
<datafield tag="880" ind1=" " ind2=" ">
<subfield code="6">260-04/</subfield>
<subfield code="a">[مكة] :</subfield>
<subfield code="b">[publisher not identified],</subfield>
<subfield code="c">[1307 [1889]]</subfield>
</datafield>
<datafield tag="OWN" ind1=" " ind2=" ">
<subfield code="a">GENERAL</subfield>
</datafield>
<datafield tag="AVA" ind1=" " ind2=" ">
<subfield code="a">NYU50</subfield>
<subfield code="b">BOBST</subfield>
<subfield code="c">Main Collection</subfield>
<subfield code="d">PJ7755.I192 A17 1889</subfield>
<subfield code="e">unavailable</subfield>
<subfield code="t">Unavailable</subfield>
<subfield code="f">1</subfield>
<subfield code="g">1</subfield>
<subfield code="h">N</subfield>
<subfield code="i">0</subfield>
<subfield code="j">MAIN</subfield>
<subfield code="k">0</subfield>
</datafield>
</record>
